@article{metr2024horizons,
  title={Measuring AI Ability to Complete Long Tasks},
  author={METR},
  journal={arXiv preprint arXiv:2405.13547},
  year={2024}
}

@article{shiffrin1977,
  author = {Shiffrin, Richard and Schneider, Walter},
  year = {1977},
  month = {03},
  pages = {127-190},
  title = {Controlled and automatic human information processing: II. Perceptual learning, automatic attending and a general theory},
  volume = {84},
  journal = {Psychological Review},
  doi = {10.1037/0033-295X.84.2.127}
}

@article{zhang2024cybench,
  title={Cybench: A Framework for Evaluating Cybersecurity Capabilities and Risks of Language Models},
  author={Zhang, Andy K. and Perry, Neil and Dulepet, Riya and Ji, Joey and Menders, Celeste and Lin, Justin W. and Jones, Eliot and Hussein, Gashon and Liu, Samantha and Jasper, Donovan and Peetathawatchai, Pura and Glenn, Ari and Sivashankar, Vikram and Zamoshchin, Daniel and Glikbarg, Leo and Askaryar, Derek and Yang, Mike and Zhang, Teddy and Alluri, Rishi and Tran, Nathan and Sangpisit, Rinnara and Yiorkadjis, Polycarpos and Osele, Kenny and Raghupathi, Gautham and Boneh, Dan and Ho, Daniel E. and Liang, Percy},
  journal={arXiv preprint arXiv:2408.08926},
  year={2024}
}

@article{shao2024nyuctf,
  title={NYU CTF Bench: A Scalable Open-Source Benchmark Dataset for Evaluating LLMs in Offensive Security},
  author={Shao, Minghao and Jancheska, Sofija and Udeshi, Meet and Dolan-Gavitt, Brendan and Xi, Haoran and Milner, Kimberly and Chen, Boyuan and Yin, Max and Garg, Siddharth and Krishnamurthy, Prashanth and Khorrami, Farshad and Karri, Ramesh and Shafique, Muhammad},
  journal={arXiv preprint arXiv:2406.05590},
  year={2024}
}

@inproceedings{lin2018nl2bash,
  title={NL2Bash: A Corpus and Semantic Parser for Natural Language Interface to the Linux Operating System},
  author={Lin, Xi Victoria and Wang, Chenglong and Zettlemoyer, Luke and Ernst, Michael D.},
  booktitle={Proceedings of the Eleventh International Conference on Language Resources and Evaluation (LREC 2018)},
  year={2018},
  address={Miyazaki, Japan}
}

@inproceedings{yang2023intercode,
  title={InterCode: Standardizing and Benchmarking Interactive Coding with Execution Feedback},
  author={Yang, John and Prabhakar, Akshara and Narasimhan, Karthik and Yao, Shunyu},
  booktitle={Proceedings of the 37th International Conference on Neural Information Processing Systems (NeurIPS 2023)},
  year={2023}
}

@inproceedings{yao2023react,
  title={ReAct: Synergizing Reasoning and Acting in Language Models},
  author={Yao, Shunyu and Yu, Dian and Zhao, Jeffrey and Shafran, Izhak and Griffiths, Thomas L. and Cao, Yuan and Narasimhan, Karthik},
  booktitle={International Conference on Learning Representations (ICLR)},
  year={2023}
}

@book{rasch1980probabilistic,
  title={Probabilistic models for some intelligence and attainment tests},
  author={Rasch, Georg},
  year={1980},
  edition={2nd},
  publisher={University of Chicago Press},
  address={Chicago},
  note={Original work published 1960}
}

@misc{inspectai2024,
  title={Inspect: A framework for large language model evaluations},
  author={{UK AI Safety Institute}},
  year={2024},
  url={https://inspect.aisi.org.uk},
  note={Open source framework for LLM evaluations}
}

@inproceedings{li-etal-2024-open-source,
  title={{An Open-Source Data Contamination Report for Large Language Models}},
  author={Li, Yucheng and Guo, Yunhao and Guerin, Frank and Lin, Chenghua},
  booktitle={Findings of the Association for Computational Linguistics: EMNLP 2024},
  year={2024},
  pages={528--541},
  url={https://aclanthology.org/2024.findings-emnlp.30/}
}

@misc{toner2025adaptation,
  title={Nonproliferation is the Wrong Approach to AI Misuse: Making the Most of Adaptation Buffers},
  author={Toner, Helen},
  howpublished={\url{https://helentoner.substack.com/p/nonproliferation-is-the-wrong-approach}},
  year={2025},
  note={Substack post}
}